% This file was created with Citavi 6.3.0.0

@booklet{BernhardSpang.2002,
	author = {{Bernhard Spang}},
	year = {2002},
	title = {Water97{\_}v13.xla: Excel Add-In for Properties of Water and Steam},
	url = {http://alexmichinel.com/index.php?p=1_9},
	adress = {Hamburg},
	lastchecked = {09.01.2020}
}






