% This file was created with Citavi 6.3.0.0

@booklet{BernhardSpang.2002,
	author = {Bernhard Spang},
	year = {2002},
	title = {Water97{\_}v13.xla: Excel Add-In for Properties of Water and Steam},
	url = {http://alexmichinel.com/index.php?p=1_9},
	adress = {Hamburg},
	lastchecked = {09.01.2020}
}

% This file was created with Citavi 6.3.0.0

@booklet{FRANZDURHOLDTGmbH&Co.KGIndustriearmaturen.,
	abstract = {Kennlinien linear + gleichprozentig und KVS-Werte f{\"u}r Regelventile Typenblatt 1300.1307, Unter Kennlinie versteht man die Abh{\"a}ngigkeit des kv-Wertes vom Hub. Lineare Kennlinie: Zu gleichen Hub{\"a}nderungen geh{\"o}ren gleiche {\"A}nderungen des kv-Wertes. Gleichprozentige Kennlinie: Zu gleichen Hub{\"a}nderungen geh{\"o}ren gleiche prozentuale {\"A}nderungen. des jeweiligen kv-Wertes.},
	author = {{FRANZ D{\"U}RHOLDT GmbH {\&} Co. KG - Industriearmaturen}},
	title = {Kennlinien und KVS-Werte f{\"u}r Regelventile - Typenblatt 1300.1307~- FRANZ D{\"U}RHOLDT GmbH {\&} Co. KG - Industriearmaturen - THE VALVE COMPANY},
	url = {https://www.duerholdt.de/index.php?id=233},
	keywords = {Kennlinien linear + gleichprozentig und KVS-Werte f{\"u}r Regelventile Typenblatt 1300.1307},
	lastchecked = {10.01.2020}
}


% This file was created with Citavi 6.3.0.0

@book{Ignatowitz.2013,
	author = {Dr.-Ing. Eckhard Ignatowitz},
	year = {2013},
	title = {Chemietechnik},
	address = {Haan-Gruiten},
	edition = {11. Aufl., 1. Dr},
	publisher = {{Verl. Europa-Lehrmittel, Nourney, Vollmer}},
	isbn = {9783808570579},
	file = {http://www.worldcat.org/oclc/855403030}
}










